@article{Feynman1948,
        author = "R. P. Feynman",
        title = "Space-Time Approach to Non-Relativistic Quantum Mechanics",
        journal = "Reviews of Modern Physics",
        volume = "20",
        number = "2",
        year = "1948",
        pages = "367--387"
}

@article{Dirac1934,
        author = "P. A. M. Dirac",
        title = "The Lagrangian in Quantum Mechanics",
        journal = "Physikalische Zeitschrift der Sowjetunion",
        volume = "3",
        number = "1",
        year = "1933",
        pages = "312--320"
}

@book{FeynmanHibbs,
  author={Feynman, R. P. and Hibbs, A. R.},
  title={Quantum mechanics and path integrals},
  publisher={Dover},
  address={New York [u.a.]},
  year={2010},
  pages={XII, 371}
 }

@book{WeigandQFT2014,
		author = "Prof. Timo Weigand",
		title = "Quantum Field Theory I + II",
		journal = "Lecture notes",
		publisher = "Heidelberg University",
        year = "2013/2014",
        pages = "271",
        url = "http://www.thphys.uni-heidelberg.de/~weigand/QFT2-14/SkriptQFT2.pdf"
}

@book{HebeckerQM2018,
		author = "Prof. Arthur Hebecker",
		title = "Theoretische Physik IV - Quantenmechanik",
		journal = "Vorlesungsskript",
		publisher = "Universität Heidelberg",
        year = "2018",
        pages = "111",
        url = "http://www.thphys.uni-heidelberg.de/~hebecker/QM/now.pdf"
}

@book{HebeckerTheoII2017,
		author = "Prof. Arthur Hebecker",
		title = "Theoretische Physik II - Analytische Mechanik und Thermodynamik",
		journal = "Vorlesungsskript",
		publisher = "Universität Heidelberg",
        year = "2017",
        pages = "122",
        url = "https://www.thphys.uni-heidelberg.de/~hebecker/TP2/tp2.html"
}


@book{MacKenzie2000,
		author = "Richard MacKenzie",
		title = "Path Integral Methods and Applications",
		journal = "Lecture Notes",
		publisher = "Université de Montréal",
        year = "2000",
        pages = "55",
        url = "https://arxiv.org/pdf/quant-ph/0004090.pdf"
}

@book{Ong,
		author = "Yen Chin Ong",
		title = "Note: Where is the Commutation Relation Hiding in the Path Integral Formulation?",
		publisher = "Leung Center for Cosmology and Particle Astrophysics, National Taiwan University, Taipei, Taiwan 10617",
        pages = "6",
        url = "https://physicstravelguide.com/_media/quantum_theory/path-integral.pdf"
}