@book{WeigandQFT2014,
		author = "Prof. Timo Weigand",
		title = "Quantum Field Theory I + II",
		journal = "Lecture notes",
		publisher = "Heidelberg University",
        year = "2013/2014",
        pages = "271",
        url = "http://www.thphys.uni-heidelberg.de/~weigand/QFT2-14/SkriptQFT2.pdf"
}

@book{HebeckerQM2018,
		author = "Prof. Arthur Hebecker",
		title = "Theoretische Physik IV - Quantenmechanik",
		journal = "Vorlesungsskript",
		publisher = "Universität Heidelberg",
        year = "2018",
        pages = "111",
        url = "http://www.thphys.uni-heidelberg.de/~hebecker/QM/now.pdf"
}

@book{MacKenzie2000,
		author = "Richard MacKenzie",
		title = "Path Integral Methods and Applications",
		journal = "Lecture Notes",
		publisher = "Université de Montréal",
        year = "2000",
        pages = "55",
        url = "https://arxiv.org/pdf/quant-ph/0004090.pdf"
}
