@article{Feynman1948,
        author = "R. P. Feynman",
        title = "Space-Time Approach to Non-Relativistic Quantum Mechanics",
        journal = "Reviews of Modern Physics",
        volume = "20",
        number = "2",
        year = "1948",
        pages = "367--387"
}

@article{Dirac1934,
        author = "P. A. M. Dirac",
        title = "The Lagrangian in Quantum Mechanics",
        journal = "Physikalische Zeitschrift der Sowjetunion",
        volume = "3",
        number = "1",
        year = "1933",
        pages = "312--320"
}

@book{FeynmanHibbs,
  author={Feynman, R. P. and Hibbs, A. R.},
  title={Quantum mechanics and path integrals},
  publisher={Dover},
  address={New York [u.a.]},
  year={2010},
  pages={XII, 371}
 }
